@inproceedings{Emer97,
 author = {Emer, Joel and Gloy, Nikolas},
 title = {A language for describing predictors and its application to automatic synthesis},
 booktitle = {Proceedings of the 24th annual international symposium on Computer architecture},
 series = {ISCA '97},
 year = {1997},
 isbn = {0-89791-901-7},
 location = {Denver, Colorado, United States},
 pages = {304--314},
 numpages = {11},
 url = {http://doi.acm.org/10.1145/264107.264212},
 doi = {http://doi.acm.org/10.1145/264107.264212},
 acmid = {264212},
 publisher = {ACM},
 address = {New York, NY, USA},
}

@article{Seznec05,
author = {Andr\'{e}; Seznec},
title = {Analysis of the O-GEometric History Length Branch Predictor},
journal ={Computer Architecture, International Symposium on},
volume = {0},
issn = {1063-6897},
year = {2005},
pages = {394-405},
doi = {http://doi.ieeecomputersociety.org/10.1109/ISCA.2005.13},
publisher = {IEEE Computer Society},
address = {Los Alamitos, CA, USA},
}

@inproceedings{Patt93,
 author = {Yeh, Tse-Yu and Patt, Yale N.},
 title = {A comparison of dynamic branch predictors that use two levels of branch history},
 booktitle = {Proceedings of the 20th annual international symposium on computer architecture},
 series = {ISCA '93},
 year = {1993},
 isbn = {0-8186-3810-9},
 location = {San Diego, California, United States},
 pages = {257--266},
 numpages = {10},
 url = {http://doi.acm.org/10.1145/165123.165161},
 doi = {http://doi.acm.org/10.1145/165123.165161},
 acmid = {165161},
 publisher = {ACM},
 address = {New York, NY, USA},
} 

@inproceedings{Patt91,
 author = {Yeh, Tse-Yu and Patt, Yale N.},
 title = {Two-level adaptive training branch prediction},
 booktitle = {Proceedings of the 24th annual international symposium on Microarchitecture},
 series = {MICRO 24},
 year = {1991},
 isbn = {0-89791-460-0},
 location = {Albuquerque, New Mexico, Puerto Rico},
 pages = {51--61},
 numpages = {11},
 url = {http://doi.acm.org/10.1145/123465.123475},
 doi = {http://doi.acm.org/10.1145/123465.123475},
 acmid = {123475},
 publisher = {ACM},
 address = {New York, NY, USA},
}

@inproceedings{Smith98,
 author = {Smith, James E.},
 title = {A study of branch prediction strategies},
 booktitle = {25 years of the international symposia on Computer architecture (selected papers)},
 series = {ISCA '98},
 year = {1998},
 isbn = {1-58113-058-9},
 location = {Barcelona, Spain},
 pages = {202--215},
 numpages = {14},
 url = {http://doi.acm.org/10.1145/285930.285980},
 doi = {http://doi.acm.org/10.1145/285930.285980},
 acmid = {285980},
 publisher = {ACM},
 address = {New York, NY, USA},
} 

@MISC{McFarling93,
    author = {Branch Predictors and Scott McFarling},
    title = {Combining Branch Predictors},
    year = {1993},
}

@article{Lin01,
author = {Daniel A. Jim\'{e}nez and Calvin Lin},
title = {Dynamic Branch Prediction with Perceptrons},
journal ={High-Performance Computer Architecture, International Symposium on},
volume = {0},
isbn = {0-7695-1019-1},
year = {2001},
pages = {0197},
doi = {http://doi.ieeecomputersociety.org/10.1109/HPCA.2001.903263},
publisher = {IEEE Computer Society},
address = {Los Alamitos, CA, USA},
}

@MISC{Koza92,
    author = {John R. Koza},
    title = {Genetic Programming},
    year = {1992},
}

@MISC{championship,
title = {Championship Branch Prediction},
year = {2011},
url = {http://www.jilp.org/jwac-2/}
}

@MISC{ECJtools,
title = {ECJ 20
A Java-based Evolutionary Computation Research System},
url = {http://cs.gmu.edu/~eclab/projects/ecj/}
}



